<?xml version="1.0" encoding="UTF-8"?>
<marc:collection xmlns:marc="http://www.loc.gov/MARC21/slim" xmlns:xsi="http://www.w3.org/2001/XMLSchema-instance" xsi:schemaLocation="http://www.loc.gov/MARC21/slim http://www.loc.gov/standards/marcxml/schema/MARC21slim.xsd">
   <marc:record type="Bibliographic">
      <marc:leader>00875cam a2200193Ia 4500</marc:leader>
      <marc:controlfield tag="001">6489243</marc:controlfield>
      <marc:controlfield tag="003">NjP</marc:controlfield>
      <marc:controlfield tag="005">20110404132842.0</marc:controlfield>
      <marc:controlfield tag="008">890314q19001989sy            000 0 ara d</marc:controlfield>
      <marc:datafield tag="024" ind1="7" ind2=" ">
         <marc:subfield code="a">princeton_aco001201</marc:subfield>
         <marc:subfield code="2">local</marc:subfield>
      </marc:datafield>
      <marc:datafield tag="066" ind1=" " ind2=" ">
         <marc:subfield code="c">(3</marc:subfield>
      </marc:datafield>
      <marc:datafield tag="090" ind1=" " ind2=" ">
         <marc:subfield code="a">BP183.6</marc:subfield>
         <marc:subfield code="b">.A28 1900z</marc:subfield>
      </marc:datafield>
      <marc:datafield tag="049" ind1=" " ind2=" ">
         <marc:subfield code="a">PULL</marc:subfield>
      </marc:datafield>
      <marc:datafield tag="100" ind1="0" ind2=" ">
         <marc:subfield code="6">880-01</marc:subfield>
         <marc:subfield code="a">Mullā al-Aḥsāʼī, Abū Bakr ibn Muḥammad ibn ʻUmar.</marc:subfield>
      </marc:datafield>
      <marc:datafield tag="245" ind1="1" ind2="0">
         <marc:subfield code="6">880-02</marc:subfield>
         <marc:subfield code="a">Qurrat al-ʻuyūn al-mubṣirah :</marc:subfield>
         <marc:subfield code="b">bi-talkhīs Kitāb al-tabsirah /</marc:subfield>
         <marc:subfield code="c">taʾlīf Abī Bakr b. Muḥammad al-Mullā al-Ḥanafī al-Aḥsāʾī.</marc:subfield>
      </marc:datafield>
      <marc:datafield tag="260" ind1=" " ind2=" ">
         <marc:subfield code="a">Dimashq :</marc:subfield>
         <marc:subfield code="b">Manshūrāt al-maktaba al-Islāmī,</marc:subfield>
         <marc:subfield code="c">[19--]</marc:subfield>
      </marc:datafield>
      <marc:datafield tag="300" ind1=" " ind2=" ">
         <marc:subfield code="a">2 v. ;</marc:subfield>
         <marc:subfield code="c">25 cm.</marc:subfield>
      </marc:datafield>
      <marc:datafield tag="650" ind1=" " ind2="0">
         <marc:subfield code="a">Islamic sermons, Arabic.</marc:subfield>
      </marc:datafield>
      <marc:datafield tag="700" ind1="1" ind2="2">
         <marc:subfield code="a">Ibn al-Jawzī, Abū al-Faraj ʻAbd al-Raḥmān ibn ʻAlī,</marc:subfield>
         <marc:subfield code="d">1116 (ca.)-1201.</marc:subfield>
         <marc:subfield code="t">Tabṣirah.</marc:subfield>
      </marc:datafield>
      <marc:datafield tag="880" ind1="0" ind2=" ">
         <marc:subfield code="6">100-01/(3/r</marc:subfield>
         <marc:subfield code="a">ابو بكر ابن محمد المللا الحنفي.</marc:subfield>
      </marc:datafield>
      <marc:datafield tag="880" ind1="1" ind2="0">
         <marc:subfield code="6">245-02/(3/r</marc:subfield>
         <marc:subfield code="a">كرة العيون المبصرة.</marc:subfield>
      </marc:datafield>
   </marc:record>
</marc:collection>
